@book{sjonabok,
    author = {Heimilisiðnaðarfélagið, Þjóðminjasafn Íslands, Listaháskóli Íslands},
    title = {Íslensk Sjónabók – Ornaments and Patterns Found in Iceland},
    publisher = {Heimilisiðnaðarfélag Íslands},
    address = {Reykjavík},
    year = 2009
}

@misc{knitterstream,
  author = {Sid Lee Collective},
  title = {KnitterStream},
  year = {2013},
  url = {https://www.oneclub.org/awards/theoneshow/-award/19603/knitterstream/},
  note = {Sótt 25. febrúar 2025},
  organization = {The One Club for Creativity},
  howpublished = {Design Merit Award í flokki Data Visualization},
}

@misc{wolf,
  author = {Irene Wolf},
  title = {Passap E6000 Rebuild and Replaced Console},
  url = {https://hackaday.io/project/163701-passap-e6000-rebuilt-and-replaced-console},
  note = {Sótt 25. febrúar 2025}
}

@misc{bamberg,
  author = {Backspace},
  title = {Passap pfaff e6000},
  url = {https://www.hackerspace-bamberg.de/Passap_pfaff_e6000},
  note = {Sótt 25. febrúar 2025},
  address={Bamberg, Þýskaland}
}